<?xml version="1.0" encoding="UTF-8"?><collection xmlns="http://www.loc.gov/MARC21/slim"><record><leader>00618nam--2200181-u-4500</leader><controlfield tag="001">000056835</controlfield><controlfield tag="002">20191113</controlfield><controlfield tag="005">20191113042925</controlfield><controlfield tag="008">191113s1000------------r-----000-0-eng-d</controlfield><datafield ind1=" " ind2=" " tag="040"><subfield code="a">IFIN-HH</subfield></datafield><datafield ind1=" " ind2=" " tag="041"><subfield code="a">eng</subfield></datafield><datafield ind1="1" ind2=" " tag="100"><subfield code="a">SJOGREN, BO</subfield></datafield><datafield ind1="1" ind2="0" tag="245"><subfield code="a">INTERPRETATION OF OPTICAL ABSORPTION AND X-RAY PHOTOELECTRON SPECTRA OF MODEL MOLECULES FOR POLYMERS BY SEMIEMPIRICAL METHODS</subfield><subfield code="c">BO SJOGREN</subfield></datafield><datafield ind1=" " ind2=" " tag="260"><subfield code="a">LINKOPING,SWEDEN</subfield><subfield code="b">DEPARTAMENT OF PHYSICS AND MEASUREMENT TECHNOLOGY LINKOPING UNIVERSITY</subfield><subfield code="c">1992</subfield></datafield><datafield ind1=" " ind2=" " tag="300"><subfield code="a">142 P</subfield></datafield><datafield ind1=" " ind2=" " tag="500"><subfield code="a">DONATIE GHEORGHE DINESCU</subfield></datafield><datafield ind1=" " ind2=" " tag="852"><subfield code="a">82783</subfield><subfield code="c">537.533</subfield></datafield><datafield ind1=" " ind2=" " tag="CAT"><subfield code="a">SYS</subfield><subfield code="c">20191113</subfield><subfield code="h">042925</subfield></datafield></record></collection>